%****************************************************************%
%                       articles and books                       %
%****************************************************************%
% app response time 
@inproceedings{Miller68-0,
    title = {Response time in man-computer conversational transactions},
    author = {Miller, Robert B},
    year = {1968},
    doi = {10.1145/1476589.1476628},
    url = {http://doi.acm.org/10.1145/1476589.1476628},
    researchr = {https://researchr.org/publication/Miller68-0},
    pages = {267-277},
    volume = {33},
    booktitle = {American Federation of Information Processing Societies: Proceedings of the AFIPS '68 Fall Joint Computer Conference, December 9-11, 1968, San Francisco, California, USA - Part I},
    series = {AFIPS Conference Proceedings},
    publisher = {AFIPS / ACM / Thomson Book Company, Washington D.C.},
}

% clorofilla
@article{MERDER2024198,
    title = {A novel algorithm for ocean chlorophyll-a concentration using MODIS Aqua data},
    journal = {ISPRS Journal of Photogrammetry and Remote Sensing},
    volume = {210},
    pages = {198-211},
    year = {2024},
    issn = {0924-2716},
    doi = {https://doi.org/10.1016/j.isprsjprs.2024.03.014},
    url = {https://www.sciencedirect.com/science/article/pii/S0924271624000868},
    author = {Merder, Julian  and Zhao, Gang and Pahlevan, Nima and Rigby, Robert A. and Stasinopoulos, Dimitrios M. and Michalak, Anna M.},
}
% clorofilla ocean color algorithm  
@article{dierssen2010perspectives,
      title={Perspectives on empirical approaches for ocean color remote sensing of chlorophyll in a changing climate},
      author={Dierssen, Heidi M.},
      journal={Proceedings of the National Academy of Sciences},
      volume={107},
      number={40},
      pages={17073--17078},
      year={2010},
      publisher={National Acad Sciences},
}
% clorofilla multisensor L3 
@article{os-15-127-2019,
    author = {Volpe, G. and Colella, S. and Brando, V. E. and Forneris, V. and La Padula, F. and Di Cicco, A. and Sammartino, M. and Bracaglia, M. and Artuso, F. and Santoleri, R.},
    title = {Mediterranean ocean colour Level 3 operational multi-sensor processing},
    journal = {Ocean Science},
    volume = {15},
    year = {2019},
    number = {1},
    pages = {127--146},
    url = {https://os.copernicus.org/articles/15/127/2019/},
    doi = {10.5194/os-15-127-2019}
}
% radar HFR 
@article{10.3389/fmars.2017.00008,
    author={Rubio, Anna and Mader, Julien and Corgnati, Lorenzo and Mantovani, Carlo and Griffa, Annalisa and Novellino, Antonio and Quentin, Céline and Wyatt, Lucy and Schulz-Stellenfleth, Johannes and Horstmann, Jochen and Lorente, Pablo and Zambianchi, Enrico and Hartnett, Michael and Fernandes, Carlos and Zervakis, Vassilis and Gorringe, Patrick and Melet, Angélique and Puillat, Ingrid.},   
	title={HF Radar Activity in European Coastal Seas: Next Steps toward a Pan-European HF Radar Network}, 
	journal={Frontiers in Marine Science},      
	volume={4},           
    year={2017},      
	  url={https://www.frontiersin.org/articles/10.3389/fmars.2017.00008},     
    doi={10.3389/fmars.2017.00008},      
	issn={2296-7745}, 
}
% HFR rete jerico report 
@article{HFR_QC_JERICO,
    author = {Corgnati, Lorenzo and Mantovani, Carlo and Novellino, Antonio and Rubio, Anna and Mader, Julien},
    title = {Recommendation Report 2 on improved common procedures for HFR QC analysis. JERICO-NEXT WP5-Data Management},
    year = {2024},
    series = {JERICO-NEXT-WP5-D5.14-V2.0},
    publisher = {IFREMER. Brest, France},
    doi = {https://doi.org/10.25607/10.25607/OBP-944.2},
    url = {https://repository.oceanbestpractices.org/handle/11329/1441.2},
}
@article{BUONGIORNONARDELLI2015334,
    title = {Evaluation of different covariance models for the operational interpolation of high resolution satellite Sea Surface Temperature data over the Mediterranean Sea},
    journal = {Remote Sensing of Environment},
    volume = {164},
    pages = {334-343},
    year = {2015},
    issn = {0034-4257},
    doi = {https://doi.org/10.1016/j.rse.2015.04.025},
    url = {https://www.sciencedirect.com/science/article/pii/S0034425715001674},
    author = {{Buongiorno Nardelli}, B. and Pisano, A. and Tronconi, C. and Santoleri, R.},
    keywords = {Sea surface temperature, Satellite observations, Optimal interpolation, Covariance model, Mediterranean Sea},
}
% Sea surface temperature variability
@article{DeserSST2010,
    author = {Deser, Clara and Alexander, Michael and Xie, Shang-Ping and Phillips, Adam},
    year = {2010},
    pages = {115-43},
    title = {Sea Surface Temperature Variability: Patterns and Mechanisms},
    volume = {2},
    journal = {Annual review of marine science},
    doi = {10.1146/annurev-marine-120408-151453}
}
% unità di misura, simboli, ecc 
@book{10.1039/9781847557889,
    author = {Renner, Terry and Cohen, Richard E and Cvitas, Tom and Frey, Jeremy G. and Holström, Bertil and Kuchitsu, Kozo and Marquardt, Roberto and Mills, Ian and Pavese, Franco and Quack, Martin and Stohner, Jüergen and Strauss, Herbert L. and Takami, Michio and Thor, Anders J.},
    title = "{Quantities, units and symbols in physical chemistry}",
    publisher = {The Royal Society of Chemistry},
    year = {2007},
    isbn = {978-0-85404-433-7},
    doi = {10.1039/9781847557889},
    url = {https://doi.org/10.1039/9781847557889},
}
% metodo agile
@book{waters2012all,
  title={All about Agile: Agile Management Made Easy!},
  author={Waters, K},
  isbn={9781469915517},
  url={https://books.google.it/books?id=jsACuwAACAAJ},
  year={2012},
  publisher={allaboutagile.com}
}
% metodo waterfall
@incollection{CONRAD2011129,
    author = {Conrad, Eric},
    title = {Chapter 8 - Domain 8: Application Development Security},
    editor = {Conrad, Eric},
    booktitle = {Eleventh Hour CISSP},
    publisher = {Syngress},
    address = {Boston},
    pages = {129-145},
    year = {2011},
    isbn = {978-1-59749-566-0},
    doi = {https://doi.org/10.1016/B978-1-59749-566-0.00008-4},
    url = {https://www.sciencedirect.com/science/article/pii/B9781597495660000084},
}
% godiva2 website to show wms data
@article{blower2009godiva2,
  title={GODIVA2: interactive visualization of environmental data on the Web},
  author={Blower, Jonathan David and Haines, Keith and Santokhee, Adit and Liu, Chun Lei},
  journal={Philosophical Transactions of the Royal Society A: Mathematical, Physical and Engineering Sciences},
  volume={367},
  number={1890},
  pages={1035--1039},
  year={2009},
  publisher={The Royal Society London}
}
% git 
@book{straub-2014,
	author = {Chacon, Scott and Straub, Ben},
	title = {Pro Git: everything you need to know about Git},
	year = {2014},
    isbn = {978-1484200773},
    publisher={Springer Nature},
	url = {hhttps://library.oapen.org/bitstream/handle/20.500.12657/28155/1/1001839.pdfttps://git-scm.com/book/en/v2},
}
% nettuno WAM 
@article{nettuno-analysis,
    author = {Bertotti, Luciana and Cavaleri, Luigi and Loffredo, Layla and Torrisi, Lucio},
    year = {2013},
    pages = {3130-3141},
    title = {Nettuno: Analysis of a Wind and Wave Forecast System for the Mediterranean Sea},
    volume = {141},
    journal = {Monthly Weather Review},
    doi = {10.1175/MWR-D-12-00361.1}
}
% Henetus 
@article{henetus-wave,
    author = {Bertotti, Luciana and Canestrelli, P. and Cavaleri, Luigi and Pastore, F. and Zampato, Lucia},
    year = {2011},
    pages = {2965-2979},
    title = {The Henetus wave forecast system in the Adriatic Sea},
    volume = {11},
    journal = {Natural Hazards and Earth System Science},
    doi = {10.5194/nhess-11-2965-2011}
}

@book{doretti-concetti-base-db,
    author = {Doretti, Roberto},
    title = {Data base. Concetti e disegno },
    publisher = {Gruppo Editoriale Jackson},
    year = {1985},
    isbn = {88-7056-174-7},
    url = {https://archive.org/details/databaseconcettiedisegno/},
}

@book{basi-di-dati-ed4,
    author = {Atzeni, Paolo and Ceri, Stefano and Fraternali, Piero and Paraboshi, Stefano and Torlone, Riccardo},
    edition = {4},
    title = {Basi di dati},
    publisher ={McGraw-Hill Education} ,
    isbn = {978-8838665875},
    year = {2014}
}

@article{clientServerModel,
    author = {Mbuguah, Samuel and Mony, Victor and Nyabuto, Geofrey},
    title = {Architectural Review of Client-Server Models},
    pages = {139-143},
    year = {2024},
    journal = {International Journal of Scientific Research and Engineering Trends},
    volume = {10},
}
%****************************************************************%
%                       online resources                         %
%****************************************************************%
@manual{scrum-guide-ita,
    author = {Schwaber, Ken and Sutherland, Jeff},
    title = {La guida Scrum. La Guida Definitiva a Scrum: Le Regole del Gioco},
    year = {2020},
    note = {Ultima consultazione: 10 aprile 2024},
    url = {https://scrumguides.org/docs/scrumguide/v2020/2020-Scrum-Guide-Italian.pdf}
}

@online{website-hfr-tirlig,
    author = {{ISMAR-CNR}},
    title = {Near Real Time Surface Ocean Velocity by HFR-TirLig network},
    publisher = {European HFR Node},
    year = {2016},
    note = {Ultima consultazione: 4 aprile 2024},
    doi = {https://doi.org/10.57762/35S0-EE87},
    url = {https://www.hfrnode.eu/networks/hfr-tirlig/}
}

% the django book!
@manual{the-django-book,
    author = {Holovaty, Adrian and Kaplan-Moss, Jacob},
    title = {The Django Book},
    year = {2013},
    note = {Ultima consultazione: 21 aprile 2024},
    url = {https://readthedocs.org/projects/djangobook/downloads/pdf/latest/}
    
}

% bearer authentication
@misc{rfc6750,
    series =    {Request for Comments},
    number =    {6750},
    howpublished =  {RFC 6750},
    publisher = {RFC Editor},
    doi =       {10.17487/RFC6750},
    url =       {https://www.rfc-editor.org/info/rfc6750},
    author =    {Jones, Michael B. and Hardt, Dick},
    title =     {The OAuth 2.0 Authorization Framework: Bearer Token Usage},
    pagetotal = {18},
    year =      {2012},
    month =     {10},
    abstract =  {This specification describes how to use bearer tokens in HTTP requests to access OAuth 2.0 protected resources. Any party in possession of a bearer token (a "bearer") can use it to get access to the associated resources (without demonstrating possession of a cryptographic key). To prevent misuse, bearer tokens need to be protected from disclosure in storage and in transport. {[}STANDARDS-TRACK{]}},
}

@book{rete-ifon,
    author = {Ravaioli, M. and Bergami, C. and Riminucci, F. and Aracri, S. and Aliani, s. and Bastianini, M. and Bergamasco, A. and Bommarito, C. and Borghini, M. and Bozzano, R. and Cantoni, C. and Caterini, E. and Cardin, V. and Cesarini, C. and Colucci, R.R. and Crisafi, E. and Crise, A. and D'Adamo, R. and Fanara, C. and Giorgetti, A. and Grilli, F. and Langone, L. and Lipizer, M. and Martini, M. and Menegon, S. and Minuzzo, T. and Miserocchi, S. and Partescano, E. and Paschini, E. and Pavesi, F. and Penna, P. and Pensieri, S. and Pugnetti, A. and Raicich, F. and di Sarra, A.G. and Sarretta, A. and Schroeder, K. and Stanghellini, G. and Vetrano, A.},
    year = {2017},
    editor = {Ravaioli, M. and Bergami, C. and Riminucci, F.},
    publisher = {Roma, CNR Pubblicazioni 2017},
    totalpages = {50},
    title = {La rete scientifica italiana di siti fissi per l'osservazione del mare – IFON Stato dell'arte e upgrades durante il Progetto RITMARE (2012 – 2016)},
    isbn = {978-88-80802-44-0},
    url = {https://www.ismar.cnr.it/wp-content/uploads/2022/07/rete-scientifica-italiana-siti-fissi-osservazione-mare-ifon-ismar-cnr.pdf},
    note = {Ultima consultazione: 28 aprile 2024},
}

@book{rete-lter, 
    author = {Capotondi, L. and Ravaioli, M. and Acosta, A. and Chiarini, F. and Lami, A. and Stanisci, A. and Tarozzi, L. and Mazzocchi, M.G.},
    year = {2021},
    title = {La Rete Italiana per la Ricerca Ecologica di Lungo Termine. Lo studio della biodiversità e dei cambiamenti},
    editor = {CNR edizioni},
    totalpages = {806},
    isbn = {978-88- 8080-214-3},
    doi = {10.5281/zenodo.5570272},
    url = {https://www.ismar.cnr.it/wp-content/uploads/2022/07/rete-italiana-ricerca-ecologica-lungo-termine-ismar-cnr.pdf},
    note = {Ultima consultazione: 28 aprile 2024},
}

@manual{ogc-wms-specs,
    author = {{Open Geospatial Consortium Inc.}},
    title = {OpenGIS\textregistered Web Map Server Implementation Specification},
    editor = {de la Beaujardiere, Jeff},
    journal = {OGC\textregistered 06-042},
    version = {1.3.0},
    year = {2006},
    url = {https://portal.ogc.org/files/?artifact_id=14416}
}

@manual{ogc-netcdf-specs,
    author = {{Open Geospatial Consortium Inc.}},
    title = {OGC Network Common Data Form (NetCDF)},
    editor = {Domenico, Ben},
    journal = {OGC 10-090r3},
    version = {1.0},
    url = {http://www.opengis.net/doc/IS/netcdf/1.0},
    year = {2011}
}

@manual{niso-metadata,
    author = {{National Information Standards Organization}},
    title = {Understanding Metadata},
    publisher = {NISO Press},
    isbn = {1-880124-62-9},
    howpublished = {online},
    year = {2004},
}

@manual{gdal-docs,
    author = {{GDAL/OGR contributors}},
    title = {{GDAL/OGR} Geospatial Data Abstraction software Library},
    howpublished = {online},
    url = {https://gdal.org/gdal.pdf},
    year = {2024},
    organization = {Open Source Geospatial Foundation},
    doi = {10.5281/zenodo.5884351},
    url = {https://gdal.org},
}

@article{tiff-geotiff,
    author = {{Sazid Mahammad}, SK and Ramakrishnan, R},
    title = {GeoTIFF - A standard image file format for GIS applications},
    journal = {Map India - Image Processing \& Interpretation},
    year = {2003},
    publisher = {Geospatial World},
    howpublished = {online},
    url = {https://www.geospatialworld.net/wp-content/uploads/images/pdf/117.pdf},
    organization ={Space Applications Centre (ISRO)}
}

@online{resinex-meda-elastica,
    author = {{Resinex Trading S.r.l.}},
    title = {ELASTIC BEACONS. The widest range of elastic beacons in the world},
    howpublished = {online},
    note = {Ultima consultazione: 23 maggio 2024},
    url = {https://www.resinextrad.com/it/wp-content/uploads/2016/02/ElasticBeacons.pdf} 
}
% manifesto agile
@book{beck2001manifesto,
  title={Manifesto for agile software development},
  author={Beck, Kent and Beedle, Mike and Van Bennekum, Arie and Cockburn, Alistair and Cunningham, Ward and Fowler, Martin and Grenning, James and Highsmith, Jim and Hunt, Andrew and Jeffries, Ron},
  year={2001},
  publisher={Snowbird, UT},
  url = {https://agilemanifesto.org/iso/it/manifesto.html}
}

%****************************************************************%
%                       dictionary treccani                      %
%****************************************************************%
@online{treccani-fitoplancton,
    author = {{Treccani S.P.A.}},
    title = {Fitoplàncton. In Vocabolario Treccani online},
    note = {Ultima consultazione: 1 aprile 2024},
    url = {https://www.treccani.it/vocabolario/fitoplancton/},
}

@online{treccani-demo,
    author = {{Treccani S.P.A.}},
    title = {Demo. In Vocabolario Treccani online},
    note = {Ultima consultazione: 9 aprile 2024},
    url = {https://www.treccani.it/vocabolario/demo_res-eceee31b-0017-11de-9d89-0016357eee51/},
}

@online{treccani-eutrofizzazione,
    author = {{Treccani S.P.A.}},
    title = {Eutrofiżżazióne. In Vocabolario Treccani online},
    note = {Ultima consultazione: 1 aprile 2024},
    url = {https://www.treccani.it/vocabolario/eutrofizzazione/},
}

@online{treccani-interpolazione,
    author = {{Treccani S.P.A.}},
    title = {Interpolazione. Dizionario delle Scienze Fisiche (1996)},
    note = {Ultima consultazione: 23 maggio 2024},
    url = {https://www.treccani.it/enciclopedia/interpolazione_(Dizionario-delle-Scienze-Fisiche)/},
}

@online{treccani-meda,
    author = {{Treccani S.P.A.}},
    title = {Méda. In Vocabolario Treccani online},
    note = {Ultima consultazione: 23 maggio 2024},
    url = {https://www.treccani.it/vocabolario/meda/},
}

@online{treccani-repository,
    author = {{Treccani S.P.A.}},
    title = {Repository. In Enciclopedia Treccani online: lessico del XXI Secolo (2013)},
    note = {Ultima consultazione: 19 aprile 2024},
    url = {https://www.treccani.it/enciclopedia/repository_(Lessico-del-XXI-Secolo)/},
}

@online{treccani-clonare,
    author = {{Treccani S.P.A.}},
    title = {Clonare. In Vocabolario Treccani online},
    note = {Ultima consultazione: 19 aprile 2024},
    url = {https://www.treccani.it/vocabolario/clonare/},
    }

@online{treccani-calcolatore,
    author = {{Treccani S.P.A.}},
    title = {Calcolatore. In Sinonimi e Contrari  (2003) Treccani online},
    note = {Ultima consultazione: 20 aprile 2024},
    url = {https://www.treccani.it/vocabolario/calcolatore_(Sinonimi-e-Contrari)/?search=calcolatore}
}

@online{treccani-plottare,
    author = {{Treccani S.P.A.}},
    title = {Plottare. In Vocabolario Treccani online},
    note = {Ultima consultazione: 4 maggio 2024},
    url = {https://www.treccani.it/vocabolario/plottare/?search=plottare%2F},
}
%****************************************************************%
%                       source images                            %
%****************************************************************%
@online{img-satellite-aqua,
    author = {Stöckli, Reto},
    title = {Satellite Aqua della NASA (Immagine)},
    year = {2009},
    url = {https://upload.wikimedia.org/wikipedia/commons/f/fb/The_Aqua_Satellite.jpg}
}

@online{img-map-radar-hf,
    author = {{ISMAR-CNR}},
    title = {Rete radar HF (Immagine)},
    year = {2023},
    url = {https://www.ismar.cnr.it/wp-content/uploads/2023/06/mappa-Radar-HF.jpg},
}

@online{img-godiva-sst,
    author = {{ISMAR-CNR}},
    title = {Mediterranean SST Analysis, L4, 1km daily (Immagine)},
    url = {http://ritmare.artov.ismar.cnr.it/thredds/godiva2/godiva2.html?menu=&layer=analysed_sst&elevation=0&time=2023-05-22T00:00:00.000Z&scale=289.2,294&bbox=66.889391,84.287338,78.139391,93.0764&server=http://ritmare.artov.ismar.cnr.it/thredds/wms/sstuhr}}

@online{img-godiva-chla,
    author = {{ISMAR-CNR}},
    title = {dataset-oc-med-chl-multi-l3-chl\_1km\_daily-rt-v02 (Immagine)},
    url = {http://ritmare.artov.ismar.cnr.it/thredds/godiva2/godiva2.html?menu=&layer=CHL&elevation=0&time=2023-05-22T00:00:00.000Z&scale=0.01,10&bbox=-238.354357,-338.673427,481.645643,223.826573&server=http://ritmare.artov.ismar.cnr.it/thredds/wms/xchlcase12}}

@online{img-waterfall-vs-agile,
    author = {Jelvix},
    title = {Waterfall vs. Agile (Immagine)},
    url = {https://jelvix.com/wp-content/uploads/2020/07/waterfall-vs-agile.jpg},
}

%****************************************************************%
%                       thredds catalogs                         %
%****************************************************************%
@online{thredds-hfr-trilig,
    author = {{ISMAR-CNR}},
    title = {HFR-TirLig\_catalog (Dataset)},
    note = {Ultima consultazione: 4 aprile 2024},
    url = {https://thredds.hfrnode.eu:8443/thredds/NRTcurrent/HFR-TirLig/HFR-TirLig_catalog.html},
}

@online{thredds-chla,
    author = {{ISMAR-CNR}},
    title = {dataset-oc-med-chl-multi-l3-chl\_1km\_daily-rt-v02 (Dataset)},
    note = {Ultima consultazione: 4 aprile 2024},
    url = {http://ritmare.artov.ismar.cnr.it/thredds/ritmare/SatelliteOS/OC/catalog.html?dataset=CHL_CASE12_A},
}

@online{thredds-sst,
    author = {{Copernicus Marine Service} and {Institute of Marine Sciences}},
    title = {Mediterranean SST Analysis, L4, 1km daily (Dataset)},
    note = {Ultima consultazione: 9 aprile 2024},
    publisher = {CNR ISMAR GOS - WITS Copernicus Marine Service},
    url = {http://ritmare.artov.ismar.cnr.it/thredds/ritmare/SatelliteOS/SST/catalog.html?dataset=SSTUHR}}

%****************************************************************%
%                       websites                                 %
%****************************************************************%
@online{website-elan42,
    author = {{E42 srl}},
    title = {{S}ito web {A}genzia {E}lan42 (Online)},
    note = {Ultima consultazione: 27 marzo 2024},
    url = {https://www.elan42.com/},
}

@online{website-ismar-cnr,
    author = {{ISMAR-CNR}},
    title = {Istituto di scienze marine (Online)},
    note = {Ultima consultazione: 27 marzo 2024},
    url = {https://www.ismar.cnr.it/},
}

@online{website-postgres,
    author = {{The PostgreSQL Global Development Group}},
    title = {PostgreSQL: The World's Most Advanced Open Source Relational Database (Online)},
    note = {Ultima consultazione: 25 marzo 2024},
    url = {https://www.postgresql.org/}
}

@online{website-postgis,
    author = {{PostGIS PSC \& OSGeo}},
    title = {{P}ost{GIS} (Online)},
    note = {Ultima consultazione: 1 maggio 2024},
    url = {https://postgis.net/}
}

@online{website-djangoproject,
    author = {{Django Software Foundation and individual contributors}},
    title = {The web framework for perfectionists with deadlines (Online)},
    note = {Ultima consultazione: 23 marzo 2024},
    url = {https://www.djangoproject.com/}
}

@online{website-graphql,
    author = {{The GraphQL Foundation}},
    title = {GraphQL. A query language for your API (Online)},
    note = {Ultima consultazione: 22 aprile 2024},
    url = {https://graphql.org/}
}

@online{website-graphiql,
    author = {{GraphQL Contributors}},
    title = {GraphiQL \& the GraphQL LSP Reference Ecosystem for building browser \& IDE tools (Online)},
    note = {Ultima consultazione: 22 aprile 2024},
    url = {https://github.com/graphql/graphiql?tab=readme-ov-file#graphiql},
}

@online{website-flutter,
    author = {Google},
    title = {Flutter - Build for any screen (Online)},
    note = {Ultima consultazione: 23 marzo 2024},
    url = {https://flutter.dev/}
}

@online{website-unidata-ucar-edu,
    author = {{Unidata/UCAR Community Programs (UCP).}},
    title = {NSF Unidata Software Documentation (Online)},
    note = {Ultima consultazione: 4 maggio 2024 (Online)},
    url = {https://docs.unidata.ucar.edu/index.html},
}

@online{website-satellite-aqua,
    author = {Oreopoulos, Lazaros and Boisvert, Linette and Przyborski, Paul},
    year = {2024},
    title = {About Aqua | Aqua Project Science (Online)},
    note = {Ultima consultazione: 1 aprile 2024},
    url = {https://aqua.nasa.gov/content/about-aqua}
}

@online{website-swagger,
    author = {{SmartBear Software}},
    title = {API Documentation Design Tools for Teams | Swagger (Online)},
    note = {Ultima consultazione: 3 aprile 2024},
    url = {https://swagger.io/}
}

@online{website-django-rest-framwork,
    author = {{Django REST Framework}},
    title = {Django REST Framework (Online)},
    note = {Ultima consultazione: 4 aprile 2024},
    url = {https://www.django-rest-framework.org/}
}

@online{website-asana,
    author = {{Asana, Inc}},
    title = {Asana: un modo più intelligente di lavorare (Online)},
    note = {Ultima consultazione: 10 aprile 2024},
    url = {https://asana.com/it}}

@online{website-smartworking-ministero-lavoro,
    author = {{Ministero del Lavoro e delle Politiche Sociali}},
    year = {2023},
    title = {Smart working (Online)},
    note = {Ultima consultazione: 17 aprile 2024},
    url = {https://www.lavoro.gov.it/strumenti-e-servizi/smart-working/Pagine/default},
}

@online{website-slack,
    author = {{Slack Technologies, LLC}},
    title = {Slack: la tua piattaforma di produttività (Online)},
    note = {Ultima consultazione: 17 aprile 2024.},
    url = {https://slack.com/intl/it-it/},
}

@online{website-google-meet,
    author = {Google},
    title = {Google meet: video chiamate e riunioni per tutti (Online)},
    note = {Ultima consultazione: 17 aprile 2024},
    url = {https://meet.google.com/},
}

@online{website-gitlab,
    author = {{GitLab B.V.}},
    title = {GitLab (Online)},
    note = {Ultima consultazione: 19 aprile 2024},    
    url = {https://about.gitlab.com/why-gitlab/},
}

@online{website-github-100-million-developers,
    author = {{GitHub, Inc.}},
    year = {2023},
    title = {100 million developers and counting (Online)},
    note = {Ultima consultazione: 19 aprile 2024},
    url = {https://github.blog/2023-01-25-100-million-developers-and-counting/},
}

@online{website-vscode,
    author = {Microsoft},
    title = {Visual Studio Code. Code editing. Redefined. (Online)},
    note = {Ultima consultazione: 19 aprile 2024},
    url = {https://code.visualstudio.com/},
}

@online{website-RD-glossary,
    author = {HThreads},
    year = {2007},
    title = {HThreads - RD Glossary (Online)},
    note = {Ultima consultazione: 20 aprile 2024},
    url = {https://web.archive.org/web/20070826224349/http://www.ittc.ku.edu/hybridthreads/glossary/index.php}}

@online{website-wiki-python,
    author = {{Python Software Foundation}},
    tutle = {Python wiki. Beginners guide (Online)},
    note = {Ultima consultazione: 20 aprile 2024},
    url = {https://wiki.python.org/moin/BeginnersGuide/Overview},
}

@online{website-pypi,
    author = {{Python Software Foundation}},
    title = {Python Package Index - PyPI (Online)},
    note = {Ultima consultazione: 20 aprile 2024},
    url = {https://pypi.org/},
}

@online{website-opensource-def,
    author = {{Open Source Org}},
    title = {The Open Source Definition (Online)},
    year={2007},
    note = {Ultima consultazione: 20 aprile 2024},
    url = {https://web.archive.org/web/20070611152544/https://opensource.org/docs/osd}
}

@online{website-whatis-opensource,
    author = {{Diffingo Solutions Inc}},
    title = {What is Open Source Software (Online)},
    year={2008},
    note = {Ultima consultazione: 20 aprile 2024},
    url = {https://web.archive.org/web/20081028104313/http://www.diffingo.com/oss/whyoss}
}

@online{website-graphene-docs,
    author = {Arminio, Patrick and Akbary, Syrus and Fee, Devin and Foster, Jacob and Kampf, Eran and Kim, Jonathan and Zwerschke, Christoph},
    title = {Graphene. GraphQL in Python Made Easy (Online)},
    note = {Ultima consultazione: 22 aprile 2024},
    url = {https://graphene-python.org/},
}

@online{website-drawio,
    author = {{JGraph Ltd}},
    title = {Flowchart Maker \& Online Diagram Software - Draw.io (Online)},
    note = {Ultima consultazione: 22 aprile 2024},
    url ={https://www.drawio.com/},
}

@online{website-arpav,
    author = {{ARPA Veneto}},
    title = {arpav: Agenzia Regionale per la Prevenzione e Protezione Ambientale del Veneto (Online)},
    note = {Ultima consultazione: 28 aprile 2024},
    url = {https://www.arpa.veneto.it/},
}

@online{website-mozilla-dev,
    author = {{Mozilla Corporation}},
    title = {Resources for Developers, by Developers\_ (Online)},
    note = {Ultima consultazione: 1 maggio 2024},
    url = {https://developer.mozilla.org/en-US/},
}

@online{website-google-books-api,
    author = {{Google for Developers}},
    title = {Google Books APIs (Online)},
    note = {Ultima consultazione: 1 maggio 2024},
    url = {https://developers.google.com/books},
}

@online{website-postman,
    author = {{Postman, Inc.}},
    title = {What is an API? (Online)},
    note = {Ultima consultazione: 1 maggio 2024},
    url = {https://www.postman.com/what-is-an-api/},
}

@online{website-leaflet,
    author = {Agafonkin, Volodymyr},
    title = {Leaflet: an open-source JavaScript library for mobile-friendly interactive maps (Online)},
    note = {Ultima consultazione: 4 maggio 2024},
    url = {https://leafletjs.com/index.html},
}

@online{website-carto,
    author = {{CARTO}},
    title = {CARTO basemaps (Online)},
    note = {Ultima consultazione: 5 maggio 2024},
    url = {https://carto.com/basemaps},
}

@online{website-arch-wiki,
    author = {{Maintenance Team}},
    title = {Arch Wiki (Online)},
    note = {Ultima consultazione: 6 maggio 2024},
    url = {https://wiki.archlinux.org/},
}

@online{website-django-cron,
    author = {{Tivix Inc.}},
    title = {Django-cron’s documentation (Online)},
    note = {Ultima consultazione: 6 maggio 2024},
    url = {https://django-cron.readthedocs.io/en/latest/},
}

@online{website-ecmwf-confluence,
    author = {{Atlassian}},
    title = {Ecmwf confluence (Online)},
    note = {Ultima consultazione: 6 maggio 2024},
    url = {https://confluence.ecmwf.int/},
}

@online{website-ecmwf-grib,
    author = {{European Centre for Medium-Range Weather Forecasts}},
    title = {Parameter Database (Online)},
    note = {Ultima consultazione: 28 maggio 2024},
    url = {https://codes.ecmwf.int/grib/param-db/?encoding=grib1&table=140},
}

@online{website-api-allmeteo,
    author = {{Postman}},
    title = {allmeteoAPI (Online)},
    note = {Ultima consultazione: 29 maggio 2024},
    url = {https://documenter.getpostman.com/view/11878734/TVYAf1Fn},
}

@online{website-TLS-def,
    author = {Howe, Denis},
    title = {Transport Layer Security protocol (Online)},
    note = {Ultima consultazione: 29 maggio 2024},
    url = {https://foldoc.org/Transport_Layer_Security_protocol},
}
